@article{kato2008,
  title = {高等教育研究開発推進センター日誌},
  author = {加藤, かおり},
  date = {2008},
  journaltitle = {京都大学高等教育研究},
  volume = {14},
  pages = {219--244},
  langid = {japanese}
}

@article{omon2014,
  title = {大学英語教育のあり方について : 一般学術目的の英語に焦点を当てた教材の作成を通して},
  author = {大門, 正幸},
  date = {2014},
  journaltitle = {ことばの世界 : 愛知県立大学高等言語教育研究所年報},
  volume = {6},
  pages = {121--135},
  publisher = {愛知県立大学高等言語教育研究所},
  issn = {1884-006X},
  doi = {10.15088/00002351},
  url = {https://cir.nii.ac.jp/crid/1390009224577814144},
  langid = {japanese}
}

@article{Peng2022,
  title = {日本語学習における映像作品の字幕利用 言語選択の視点から},
  author = {彭, 悦 and 梁, 震 and 笹尾, 洋介},
  date = {2022},
  journaltitle = {言語文化教育研究},
  volume = {20},
  pages = {335--356},
  publisher = {一般社団法人 言語文化教育研究学会: ALCE},
  langid = {japanese}
}

@article{Sasao2008,
  title = {Estimating Vocabulary Size: {{Does}} Test Format Make a Difference?},
  author = {Sasao, Yosuke},
  date = {2008},
  journaltitle = {大学英語教育学会紀要/大学英語教育学会編},
  number = {46},
  pages = {63--76},
  publisher = {Japan Association of College English Teachers},
  langid = {english}
}

@article{sasao2015,
  title = {工学英語語彙リストの開発},
  author = {笹尾, 洋介 and 加藤, 三保子 and Levin, David and Ryan, Eugene},
  date = {2015},
  journaltitle = {雲雀野},
  volume = {-},
  number = {37},
  pages = {71--78},
  publisher = {豊橋 : 豊橋技術科学大学},
  issn = {0388757X},
  url = {https://cir.nii.ac.jp/crid/1050282812401468160},
  langid = {japanese}
}

@article{tajima2023,
  title = {大学生における日本語論説文読解力と学術共通語彙理解度の関係},
  author = {田島, ますみ and 松下, 達彦},
  date = {2023},
  journaltitle = {中央学院大学人間・自然論叢 = The Bulletin of Chuo-Gakuin University, man \& nature},
  number = {56},
  pages = {147--160},
  publisher = {我孫子 : 中央学院大学商学部・法学部・現代教養学部},
  url = {https://cgu.repo.nii.ac.jp/records/2000112},
  langid = {japanese}
}
